<record xmlns="http://www.loc.gov/MARC21/slim" xmlns:xsi="http://www.w3.org/2001/XMLSchema-instance" xsi:schemaLocation="http://www.loc.gov/MARC21/slim http://www.loc.gov/standards/marcxml/schema/MARC21slim.xsd"><leader>     nam a22        4500</leader><controlfield tag="001">3058988</controlfield><controlfield tag="003">NNC</controlfield><controlfield tag="006">m        d        </controlfield><controlfield tag="007">cr cn |||m|||a</controlfield><controlfield tag="008">150601s1962    sy      ob    000 0 ara d</controlfield><datafield ind1=" " ind2=" " tag="040"><subfield code="a">NNU</subfield><subfield code="b">eng</subfield><subfield code="e">rda</subfield><subfield code="c">NNU</subfield></datafield><datafield ind1="1" ind2=" " tag="100"><subfield code="6">880-01</subfield><subfield code="a">Labba&#772;d, Mi&#772;shi&#772;l. </subfield></datafield><datafield ind1="1" ind2="3" tag="245"><subfield code="6">880-02</subfield><subfield code="a">al-Isma&#772;&#699;i&#772;li&#772;yu&#772;n wa-al-dawlah al-Isma&#772;&#699;i&#772;li&#772;yah bi-Mis&#803;ya&#772;f,</subfield><subfield code="b">535 h.-670 h /</subfield><subfield code="c">Mi&#772;shi&#772;l Labba&#772;d.</subfield></datafield><datafield ind1=" " ind2=" " tag="260"><subfield code="6">880-03</subfield><subfield code="a">[Dimashq] :</subfield><subfield code="b">Mat&#803;ba&#699;at al-Ittih&#803;a&#772;d,</subfield><subfield code="c">1381 h., 1962 m.</subfield></datafield><datafield ind1=" " ind2=" " tag="300"><subfield code="a">online resource (114 pages)</subfield></datafield><datafield ind1=" " ind2=" " tag="336"><subfield code="a">text</subfield><subfield code="2">rdacontent</subfield></datafield><datafield ind1=" " ind2=" " tag="337"><subfield code="a">computer</subfield><subfield code="2">rdamedia</subfield></datafield><datafield ind1=" " ind2=" " tag="338"><subfield code="a">online resource</subfield><subfield code="2">rdacarrier</subfield></datafield><datafield ind1=" " ind2=" " tag="500"><subfield code="a">Part of the Arabic Collections Online (ACO) project, contributed by Columbia University Libraries.</subfield></datafield><datafield ind1=" " ind2=" " tag="504"><subfield code="a">Includes bibliographical references (pages 113-114).</subfield></datafield><datafield ind1=" " ind2=" " tag="533"><subfield code="a">Electronic reproduction.</subfield><subfield code="b">New York, N.Y. :</subfield><subfield code="c">New York University,</subfield><subfield code="d">2015.</subfield><subfield code="5">NNU</subfield></datafield><datafield ind1=" " ind2="0" tag="650"><subfield code="a">Ismailites.</subfield></datafield><datafield ind1=" " ind2="7" tag="650"><subfield code="a">Ismailites.</subfield><subfield code="2">fast</subfield><subfield code="0">(OCoLC)fst00980134</subfield></datafield><datafield ind1="2" ind2=" " tag="710"><subfield code="a">Columbia University.</subfield><subfield code="b">Libraries.</subfield></datafield><datafield ind1="0" ind2=" " tag="730"><subfield code="a">Arabic Collections Online.</subfield></datafield><datafield ind1="0" ind2="8" tag="776"><subfield code="i">Print version:</subfield><subfield code="a">Labba&#772;d, Mi&#772;shi&#772;l.</subfield><subfield code="t">al-Isma&#772;&#699;i&#772;li&#772;yu&#772;n wa-al-dawlah al-Isma&#772;&#699;i&#772;li&#772;yah bi-Mis&#803;ya&#772;f</subfield><subfield code="w">(NNC)3058988</subfield><subfield code="w">(OCoLC)47717319</subfield></datafield><datafield ind1="4" ind2="0" tag="856"><subfield code="u">http://hdl.handle.net/2333.1/dncjt10d</subfield></datafield><datafield ind1="1" ind2=" " tag="880"><subfield code="6">100-01/r</subfield><subfield code="a">&#1604;&#1576;&#1575;&#1583;&#1548; &#1605;&#1610;&#1588;&#1610;&#1604;. </subfield></datafield><datafield ind1="1" ind2="2" tag="880"><subfield code="6">245-02/r</subfield><subfield code="a">&#1575;&#1604;&#1575;&#1587;&#1605;&#1575;&#1593;&#1610;&#1604;&#1610;&#1608;&#1606; &#1608;&#1575;&#1604;&#1583;&#1608;&#1604;&#1577; &#1575;&#1604;&#1575;&#1587;&#1605;&#1575;&#1593;&#1610;&#1604;&#1610;&#1577; &#1576;&#1605;&#1589;&#1610;&#1575;&#1601;&#1548;</subfield><subfield code="b">535 &#1607;.670 &#1607; /</subfield><subfield code="c">&#1605;&#1610;&#1588;&#1610;&#1604; &#1604;&#1576;&#1575;&#1583;.</subfield></datafield><datafield ind1=" " ind2=" " tag="880"><subfield code="6">260-03/r</subfield><subfield code="a">[&#1583;&#1605;&#1588;&#1602;] :</subfield><subfield code="b">&#1605;&#1591;&#1576;&#1593;&#1577; &#1575;&#1604;&#1575;&#1578;&#1581;&#1575;&#1583;&#1548;</subfield><subfield code="c">1381 &#1607;.&#1548; 1962 &#1605;.</subfield></datafield><datafield ind1=" " ind2=" " tag="959"><subfield code="a">NNU</subfield><subfield code="b">WEB</subfield><subfield code="c">GENI</subfield><subfield code="t">0</subfield><subfield code="m">Electronic access</subfield><subfield code="s">01</subfield></datafield><datafield ind1=" " ind2=" " tag="999"><subfield code="i">NNC_3058988</subfield><subfield code="o">(OCoLC)ocm47717319</subfield><subfield code="s">columbia_aco000510</subfield><subfield code="e">(ERROR-880)</subfield><subfield code="s">columbia_aco000510</subfield></datafield></record>